%-0-
@article{kersten2018five,
	title={Five Predictions for the Coming Decades of Software},
	author={Kersten, Mik},
	journal={IEEE Software},
	volume={35},
	number={5},
	pages={7--9},
	year={2018},
	publisher={IEEE}
}

%-1-
@article{kersten2017end,
	title={The End of the Manufacturing-Line Analogy},
	author={Kersten, Mik},
	journal={IEEE Software},
	volume={34},
	number={6},
	pages={89--93},
	year={2017},
	publisher={IEEE}
}

%-2-
@article{mead2018half,
	title={Half a Century of Software Engineering Education: The CMU Exemplar},
	author={Mead, Nancy R and Garlan, David and Shaw, Mary},
	journal={IEEE Software},
	volume={35},
	number={5},
	pages={25--31},
	year={2018},
	publisher={IEEE}
}

%-3-
@article{broy2018yesterday,
	title={Yesterday, Today, and Tomorrow: 50 Years of Software Engineering},
	author={Broy, Manfred},
	journal={IEEE Software},
	volume={35},
	number={5},
	pages={38--43},
	year={2018},
	publisher={IEEE}
}

%-4-
@article{klotins2018software,
	title={Software-intensive product engineering in start-ups: a taxonomy},
	author={Klotins, Eriks and Unterkalmsteiner, Michael and Gorschek, Tony},
	journal={IEEE Software},
	volume={35},
	number={4},
	pages={44--52},
	year={2018},
	publisher={IEEE}
}

%-5-
@ARTICLE{8474489, 
	author={G. {Booch}}, 
	journal={IEEE Software}, 
	title={The History of Software Engineering}, 
	year={2018}, 
	volume={35}, 
	number={5}, 
	pages={108-114}, 
	keywords={history;Internet;software engineering;Unified Modeling Language;software engineering;Grady Booch;Web extra;bibliography;history;UML original authors;Computers;Software engineering;Software development;Programming;History;history of software engineering;software development;Grady Booch}, 
	doi={10.1109/MS.2018.3571234}, 
	ISSN={0740-7459}, 
	month={Sep.},}

%-6-
@ARTICLE{8405631, 
	author={D. {Spinellis}}, 
	journal={IEEE Software}, 
	title={Being a Software Developer}, 
	year={2018}, 
	volume={35}, 
	number={4}, 
	pages={4-7}, 
	keywords={cognition;professional aspects;software engineering;interpersonal skills;specialized training;professional software developer;software developer;cognitive skills;knowledge acquisition;professional development;career development;job skills;From the Editor;software engineering;software development}, 
	doi={10.1109/MS.2018.2801555}, 
	ISSN={0740-7459}, 
	month={July},}

%-7-
@article{le2018bridging,
	title={Bridging the Gap: From Research to Practical Advice},
	author={Le Goues, Claire and Jaspan, Ciera and Ozkaya, Ipek and Shaw, Mary and Stolee, Kathryn T},
	journal={IEEE Software},
	volume={35},
	number={5},
	pages={50--57},
	year={2018},
	publisher={IEEE}
}

%-8-
@article{abdalkareem2017developers,
	title={What do developers use the crowd for? a study using Stack Overflow},
	author={Abdalkareem, Rabe and Shihab, Emad and Rilling, Juergen},
	journal={IEEE Software},
	volume={34},
	number={2},
	pages={53--60},
	year={2017},
	publisher={IEEE}
}

%-9-
@article{hoda2018rise,
	title={The rise and evolution of agile software development},
	author={Hoda, Rashina and Salleh, Norsaremah and Grundy, John},
	journal={IEEE Software},
	volume={35},
	number={5},
	pages={58--63},
	year={2018},
	publisher={IEEE}
}

%-a-
@article{laporte2018applying,
	title={Applying software engineering standards in very small entities: From startups to grownups},
	author={Laporte, Claude Y and Munoz, Mirna and Miranda, Jezreel Mejia and Oâ€™Connor, Rory V},
	journal={IEEE software},
	volume={35},
	number={1},
	pages={99--103},
	year={2018},
	publisher={IEEE}
}

%-b-
@article{bjarnason2017aligning,
	title={Aligning requirements and testing: working together toward the same goal},
	author={Bjarnason, Elizabeth and Borg, Markus},
	journal={IEEE Software},
	volume={34},
	number={1},
	pages={20--23},
	year={2017},
	publisher={IEEE}
}

%-c-
@article{williams2018engineering,
	title={Engineering Security Vulnerability Prevention, Detection, and Response},
	author={Williams, Laurie and McGraw, Gary and Migues, Sammy},
	journal={IEEE Software},
	volume={35},
	number={5},
	pages={76--80},
	year={2018},
	publisher={IEEE}
}

%-d-
@article{holzmann2018code,
	title={Code Vault},
	author={Holzmann, Gerard J},
	journal={IEEE Software},
	volume={35},
	number={5},
	pages={85--87},
	year={2018},
	publisher={IEEE}
}

%-e-
@article{taivalsaari2017roadmap,
	title={A roadmap to the programmable world: software challenges in the IoT era},
	author={Taivalsaari, Antero and Mikkonen, Tommi},
	journal={IEEE Software},
	volume={34},
	number={1},
	pages={72--80},
	year={2017},
	publisher={IEEE}
}

%-f-
@article{leicht2017leveraging,
	title={Leveraging the power of the crowd for software testing},
	author={Leicht, Niklas and Blohm, Ivo and Leimeister, Jan Marco},
	journal={IEEE Software},
	volume={34},
	number={2},
	pages={62--69},
	year={2017},
	publisher={IEEE}
}